@BOOK{Lamport,
  AUTHOR =       "L. Lamport",
  TITLE =        "\LaTeX, A Document Preparation System: User's Guide And Reference Manual",
  PUBLISHER =    "Pearson Professional Education",
  YEAR =         "1994",
  address =      "New York",
}

@BOOK{Goossens,
  AUTHOR =       "M. Goossens and F. Mittelbach and A. Samarin",
  TITLE =        "The \LaTeX\ Companion",
  PUBLISHER =    "Addison-Wesley",
  YEAR =         "1994",
  OPTaddress =      "",
  OPTedition =      "",
  isbn =         "0201541998",
}
